%YAML 1.1
%TAG !u! tag:unity3d.com,2011:
--- !u!1 &1583428181
GameObject:
  m_ObjectHideFlags: 0
  m_CorrespondingSourceObject: {fileID: 0}
  m_PrefabInstance: {fileID: 0}
  m_PrefabAsset: {fileID: 0}
  serializedVersion: 6
  m_Component:
  - component: {fileID: 1583428182}
  - component: {fileID: 1583428183}
  m_Layer: 0
  m_Name: SpotLight
  m_TagString: Untagged
  m_Icon: {fileID: 0}
  m_NavMeshLayer: 0
  m_StaticEditorFlags: 0
  m_IsActive: 1
--- !u!4 &1583428182
Transform:
  m_ObjectHideFlags: 0
  m_CorrespondingSourceObject: {fileID: 0}
  m_PrefabInstance: {fileID: 0}
  m_PrefabAsset: {fileID: 0}
  m_GameObject: {fileID: 1583428181}
  m_LocalRotation: {x: 0.61016244, y: -0.61016244, z: 0.35735396, w: 0.35735396}
  m_LocalPosition: {x: 0.012716582, y: 2.5348756, z: 0.8087251}
  m_LocalScale: {x: 0.39999998, y: 0.4, z: 0.39999998}
  m_Children: []
  m_Father: {fileID: 4485524371438544048}
  m_RootOrder: 2
  m_LocalEulerAnglesHint: {x: 119.287994, y: 89.99999, z: 89.99999}
--- !u!108 &1583428183
Light:
  m_ObjectHideFlags: 0
  m_CorrespondingSourceObject: {fileID: 0}
  m_PrefabInstance: {fileID: 0}
  m_PrefabAsset: {fileID: 0}
  m_GameObject: {fileID: 1583428181}
  m_Enabled: 1
  serializedVersion: 10
  m_Type: 0
  m_Shape: 0
  m_Color: {r: 1, g: 1, b: 1, a: 1}
  m_Intensity: 7.17
  m_Range: 10
  m_SpotAngle: 54.572685
  m_InnerSpotAngle: 21.80208
  m_CookieSize: 10
  m_Shadows:
    m_Type: 0
    m_Resolution: -1
    m_CustomResolution: -1
    m_Strength: 1
    m_Bias: 0.05
    m_NormalBias: 0.4
    m_NearPlane: 0.2
    m_CullingMatrixOverride:
      e00: 1
      e01: 0
      e02: 0
      e03: 0
      e10: 0
      e11: 1
      e12: 0
      e13: 0
      e20: 0
      e21: 0
      e22: 1
      e23: 0
      e30: 0
      e31: 0
      e32: 0
      e33: 1
    m_UseCullingMatrixOverride: 0
  m_Cookie: {fileID: 0}
  m_DrawHalo: 0
  m_Flare: {fileID: 0}
  m_RenderMode: 0
  m_CullingMask:
    serializedVersion: 2
    m_Bits: 4294967295
  m_RenderingLayerMask: 1
  m_Lightmapping: 4
  m_LightShadowCasterMode: 0
  m_AreaSize: {x: 1, y: 1}
  m_BounceIntensity: 1
  m_ColorTemperature: 6570
  m_UseColorTemperature: 0
  m_BoundingSphereOverride: {x: 0, y: 0, z: 0, w: 0}
  m_UseBoundingSphereOverride: 0
  m_ShadowRadius: 0
  m_ShadowAngle: 0
--- !u!1 &6485426294666338682
GameObject:
  m_ObjectHideFlags: 0
  m_CorrespondingSourceObject: {fileID: 0}
  m_PrefabInstance: {fileID: 0}
  m_PrefabAsset: {fileID: 0}
  serializedVersion: 6
  m_Component:
  - component: {fileID: 6485426294666338677}
  - component: {fileID: 6485426294666338683}
  - component: {fileID: 815880760}
  m_Layer: 0
  m_Name: Player
  m_TagString: Untagged
  m_Icon: {fileID: 0}
  m_NavMeshLayer: 0
  m_StaticEditorFlags: 0
  m_IsActive: 1
--- !u!4 &6485426294666338677
Transform:
  m_ObjectHideFlags: 0
  m_CorrespondingSourceObject: {fileID: 0}
  m_PrefabInstance: {fileID: 0}
  m_PrefabAsset: {fileID: 0}
  m_GameObject: {fileID: 6485426294666338682}
  m_LocalRotation: {x: 0, y: 0, z: 0, w: 1}
  m_LocalPosition: {x: -17.079002, y: 69.83329, z: -15.268897}
  m_LocalScale: {x: 1, y: 1, z: 1}
  m_Children:
  - {fileID: 4485524371438544048}
  - {fileID: 5803170645334930469}
  m_Father: {fileID: 0}
  m_RootOrder: 0
  m_LocalEulerAnglesHint: {x: 0, y: 0, z: 0}
--- !u!114 &6485426294666338683
MonoBehaviour:
  m_ObjectHideFlags: 0
  m_CorrespondingSourceObject: {fileID: 0}
  m_PrefabInstance: {fileID: 0}
  m_PrefabAsset: {fileID: 0}
  m_GameObject: {fileID: 6485426294666338682}
  m_Enabled: 1
  m_EditorHideFlags: 0
  m_Script: {fileID: 11500000, guid: e0b02d77ed4f5f04e82489829f7e7d3a, type: 3}
  m_Name: 
  m_EditorClassIdentifier: 
  _mainCamera: {fileID: 0}
--- !u!114 &815880760
MonoBehaviour:
  m_ObjectHideFlags: 0
  m_CorrespondingSourceObject: {fileID: 0}
  m_PrefabInstance: {fileID: 0}
  m_PrefabAsset: {fileID: 0}
  m_GameObject: {fileID: 6485426294666338682}
  m_Enabled: 1
  m_EditorHideFlags: 0
  m_Script: {fileID: 11500000, guid: da86783d07620164b90cf77ef13a6d87, type: 3}
  m_Name: 
  m_EditorClassIdentifier: 
  _smokeParticle: {fileID: 7454421273513560472}
  _ninjaModel: {fileID: 5896939698512747634}
  _respawnTime: 0.5
--- !u!1001 &165700458204472644
PrefabInstance:
  m_ObjectHideFlags: 0
  serializedVersion: 2
  m_Modification:
    m_TransformParent: {fileID: 4591216222527914543}
    m_Modifications:
    - target: {fileID: 7608402903878286900, guid: 6b9480d3cd763274180572f2ed32a863,
        type: 3}
      propertyPath: m_Name
      value: katana (1)
      objectReference: {fileID: 0}
    - target: {fileID: 7609889703386626552, guid: 6b9480d3cd763274180572f2ed32a863,
        type: 3}
      propertyPath: m_LocalPosition.x
      value: -0.056
      objectReference: {fileID: 0}
    - target: {fileID: 7609889703386626552, guid: 6b9480d3cd763274180572f2ed32a863,
        type: 3}
      propertyPath: m_LocalPosition.y
      value: 0.086
      objectReference: {fileID: 0}
    - target: {fileID: 7609889703386626552, guid: 6b9480d3cd763274180572f2ed32a863,
        type: 3}
      propertyPath: m_LocalPosition.z
      value: -0.087
      objectReference: {fileID: 0}
    - target: {fileID: 7609889703386626552, guid: 6b9480d3cd763274180572f2ed32a863,
        type: 3}
      propertyPath: m_LocalRotation.x
      value: 0.023959741
      objectReference: {fileID: 0}
    - target: {fileID: 7609889703386626552, guid: 6b9480d3cd763274180572f2ed32a863,
        type: 3}
      propertyPath: m_LocalRotation.y
      value: -0.20659518
      objectReference: {fileID: 0}
    - target: {fileID: 7609889703386626552, guid: 6b9480d3cd763274180572f2ed32a863,
        type: 3}
      propertyPath: m_LocalRotation.z
      value: -0.78219014
      objectReference: {fileID: 0}
    - target: {fileID: 7609889703386626552, guid: 6b9480d3cd763274180572f2ed32a863,
        type: 3}
      propertyPath: m_LocalRotation.w
      value: 0.58730143
      objectReference: {fileID: 0}
    - target: {fileID: 7609889703386626552, guid: 6b9480d3cd763274180572f2ed32a863,
        type: 3}
      propertyPath: m_RootOrder
      value: 5
      objectReference: {fileID: 0}
    - target: {fileID: 7609889703386626552, guid: 6b9480d3cd763274180572f2ed32a863,
        type: 3}
      propertyPath: m_LocalEulerAnglesHint.x
      value: -17.161001
      objectReference: {fileID: 0}
    - target: {fileID: 7609889703386626552, guid: 6b9480d3cd763274180572f2ed32a863,
        type: 3}
      propertyPath: m_LocalEulerAnglesHint.y
      value: -17.050001
      objectReference: {fileID: 0}
    - target: {fileID: 7609889703386626552, guid: 6b9480d3cd763274180572f2ed32a863,
        type: 3}
      propertyPath: m_LocalEulerAnglesHint.z
      value: -103.607
      objectReference: {fileID: 0}
    m_RemovedComponents: []
  m_SourcePrefab: {fileID: 100100000, guid: 6b9480d3cd763274180572f2ed32a863, type: 3}
--- !u!1001 &6391359499822908400
PrefabInstance:
  m_ObjectHideFlags: 0
  serializedVersion: 2
  m_Modification:
    m_TransformParent: {fileID: 6485426294666338677}
    m_Modifications:
    - target: {fileID: 593256268033619925, guid: 55e0149a070c5bc408ad4a24005966d8,
        type: 3}
      propertyPath: m_LocalPosition.x
      value: -17.48
      objectReference: {fileID: 0}
    - target: {fileID: 593256268033619925, guid: 55e0149a070c5bc408ad4a24005966d8,
        type: 3}
      propertyPath: m_LocalPosition.y
      value: -2.44
      objectReference: {fileID: 0}
    - target: {fileID: 593256268033619925, guid: 55e0149a070c5bc408ad4a24005966d8,
        type: 3}
      propertyPath: m_LocalPosition.z
      value: -13.96
      objectReference: {fileID: 0}
    - target: {fileID: 593256268033619925, guid: 55e0149a070c5bc408ad4a24005966d8,
        type: 3}
      propertyPath: m_LocalRotation.x
      value: -0.27896723
      objectReference: {fileID: 0}
    - target: {fileID: 593256268033619925, guid: 55e0149a070c5bc408ad4a24005966d8,
        type: 3}
      propertyPath: m_LocalRotation.y
      value: -0.6497517
      objectReference: {fileID: 0}
    - target: {fileID: 593256268033619925, guid: 55e0149a070c5bc408ad4a24005966d8,
        type: 3}
      propertyPath: m_LocalRotation.z
      value: -0.27896723
      objectReference: {fileID: 0}
    - target: {fileID: 593256268033619925, guid: 55e0149a070c5bc408ad4a24005966d8,
        type: 3}
      propertyPath: m_LocalRotation.w
      value: 0.6497517
      objectReference: {fileID: 0}
    - target: {fileID: 593256268033619925, guid: 55e0149a070c5bc408ad4a24005966d8,
        type: 3}
      propertyPath: m_RootOrder
      value: 1
      objectReference: {fileID: 0}
    - target: {fileID: 593256268033619925, guid: 55e0149a070c5bc408ad4a24005966d8,
        type: 3}
      propertyPath: m_LocalEulerAnglesHint.x
      value: -46.472004
      objectReference: {fileID: 0}
    - target: {fileID: 593256268033619925, guid: 55e0149a070c5bc408ad4a24005966d8,
        type: 3}
      propertyPath: m_LocalEulerAnglesHint.y
      value: -90
      objectReference: {fileID: 0}
    - target: {fileID: 593256268033619925, guid: 55e0149a070c5bc408ad4a24005966d8,
        type: 3}
      propertyPath: m_LocalEulerAnglesHint.z
      value: 0
      objectReference: {fileID: 0}
    - target: {fileID: 4131876714579598585, guid: 55e0149a070c5bc408ad4a24005966d8,
        type: 3}
      propertyPath: m_Name
      value: SmokeParticle
      objectReference: {fileID: 0}
    m_RemovedComponents: []
  m_SourcePrefab: {fileID: 100100000, guid: 55e0149a070c5bc408ad4a24005966d8, type: 3}
--- !u!4 &5803170645334930469 stripped
Transform:
  m_CorrespondingSourceObject: {fileID: 593256268033619925, guid: 55e0149a070c5bc408ad4a24005966d8,
    type: 3}
  m_PrefabInstance: {fileID: 6391359499822908400}
  m_PrefabAsset: {fileID: 0}
--- !u!198 &7454421273513560472 stripped
ParticleSystem:
  m_CorrespondingSourceObject: {fileID: 4594172159821564520, guid: 55e0149a070c5bc408ad4a24005966d8,
    type: 3}
  m_PrefabInstance: {fileID: 6391359499822908400}
  m_PrefabAsset: {fileID: 0}
--- !u!1001 &6485426296062709185
PrefabInstance:
  m_ObjectHideFlags: 0
  serializedVersion: 2
  m_Modification:
    m_TransformParent: {fileID: 6485426294666338677}
    m_Modifications:
    - target: {fileID: 853150325678002611, guid: 8df746e989b9e1348a10d109566bc7ec,
        type: 3}
      propertyPath: m_Name
      value: man_ninja
      objectReference: {fileID: 0}
    - target: {fileID: 853150325678002611, guid: 8df746e989b9e1348a10d109566bc7ec,
        type: 3}
      propertyPath: m_IsActive
      value: 1
      objectReference: {fileID: 0}
    - target: {fileID: 1927273557079065542, guid: 8df746e989b9e1348a10d109566bc7ec,
        type: 3}
      propertyPath: _smokeParticle
      value: 
      objectReference: {fileID: 0}
    - target: {fileID: 5197289837143875570, guid: 8df746e989b9e1348a10d109566bc7ec,
        type: 3}
      propertyPath: m_Enabled
      value: 1
      objectReference: {fileID: 0}
    - target: {fileID: 7223514851865799025, guid: 8df746e989b9e1348a10d109566bc7ec,
        type: 3}
      propertyPath: m_LocalPosition.x
      value: -18.310997
      objectReference: {fileID: 0}
    - target: {fileID: 7223514851865799025, guid: 8df746e989b9e1348a10d109566bc7ec,
        type: 3}
      propertyPath: m_LocalPosition.y
      value: -2.623291
      objectReference: {fileID: 0}
    - target: {fileID: 7223514851865799025, guid: 8df746e989b9e1348a10d109566bc7ec,
        type: 3}
      propertyPath: m_LocalPosition.z
      value: -14.031102
      objectReference: {fileID: 0}
    - target: {fileID: 7223514851865799025, guid: 8df746e989b9e1348a10d109566bc7ec,
        type: 3}
      propertyPath: m_LocalRotation.x
      value: -0
      objectReference: {fileID: 0}
    - target: {fileID: 7223514851865799025, guid: 8df746e989b9e1348a10d109566bc7ec,
        type: 3}
      propertyPath: m_LocalRotation.y
      value: 0.7071068
      objectReference: {fileID: 0}
    - target: {fileID: 7223514851865799025, guid: 8df746e989b9e1348a10d109566bc7ec,
        type: 3}
      propertyPath: m_LocalRotation.z
      value: -0
      objectReference: {fileID: 0}
    - target: {fileID: 7223514851865799025, guid: 8df746e989b9e1348a10d109566bc7ec,
        type: 3}
      propertyPath: m_LocalRotation.w
      value: 0.7071068
      objectReference: {fileID: 0}
    - target: {fileID: 7223514851865799025, guid: 8df746e989b9e1348a10d109566bc7ec,
        type: 3}
      propertyPath: m_RootOrder
      value: 0
      objectReference: {fileID: 0}
    - target: {fileID: 7223514851865799025, guid: 8df746e989b9e1348a10d109566bc7ec,
        type: 3}
      propertyPath: m_LocalEulerAnglesHint.x
      value: 0
      objectReference: {fileID: 0}
    - target: {fileID: 7223514851865799025, guid: 8df746e989b9e1348a10d109566bc7ec,
        type: 3}
      propertyPath: m_LocalEulerAnglesHint.y
      value: 90
      objectReference: {fileID: 0}
    - target: {fileID: 7223514851865799025, guid: 8df746e989b9e1348a10d109566bc7ec,
        type: 3}
      propertyPath: m_LocalEulerAnglesHint.z
      value: 0
      objectReference: {fileID: 0}
    - target: {fileID: 7223514851865799025, guid: 8df746e989b9e1348a10d109566bc7ec,
        type: 3}
      propertyPath: m_LocalScale.x
      value: 2.4999998
      objectReference: {fileID: 0}
    - target: {fileID: 7223514851865799025, guid: 8df746e989b9e1348a10d109566bc7ec,
        type: 3}
      propertyPath: m_LocalScale.z
      value: 2.4999998
      objectReference: {fileID: 0}
    m_RemovedComponents: []
  m_SourcePrefab: {fileID: 100100000, guid: 8df746e989b9e1348a10d109566bc7ec, type: 3}
--- !u!1 &5896939698512747634 stripped
GameObject:
  m_CorrespondingSourceObject: {fileID: 853150325678002611, guid: 8df746e989b9e1348a10d109566bc7ec,
    type: 3}
  m_PrefabInstance: {fileID: 6485426296062709185}
  m_PrefabAsset: {fileID: 0}
--- !u!4 &4485524371438544048 stripped
Transform:
  m_CorrespondingSourceObject: {fileID: 7223514851865799025, guid: 8df746e989b9e1348a10d109566bc7ec,
    type: 3}
  m_PrefabInstance: {fileID: 6485426296062709185}
  m_PrefabAsset: {fileID: 0}
--- !u!4 &4591216222527914543 stripped
Transform:
  m_CorrespondingSourceObject: {fileID: 7329496307230445550, guid: 8df746e989b9e1348a10d109566bc7ec,
    type: 3}
  m_PrefabInstance: {fileID: 6485426296062709185}
  m_PrefabAsset: {fileID: 0}
