%YAML 1.1
%TAG !u! tag:unity3d.com,2011:
--- !u!1 &8995941563297385157
GameObject:
  m_ObjectHideFlags: 0
  m_CorrespondingSourceObject: {fileID: 0}
  m_PrefabInstance: {fileID: 0}
  m_PrefabAsset: {fileID: 0}
  serializedVersion: 6
  m_Component:
  - component: {fileID: 8995941563297385159}
  - component: {fileID: 8995941563297385156}
  m_Layer: 0
  m_Name: SoundManager
  m_TagString: Untagged
  m_Icon: {fileID: 0}
  m_NavMeshLayer: 0
  m_StaticEditorFlags: 0
  m_IsActive: 1
--- !u!4 &8995941563297385159
Transform:
  m_ObjectHideFlags: 0
  m_CorrespondingSourceObject: {fileID: 0}
  m_PrefabInstance: {fileID: 0}
  m_PrefabAsset: {fileID: 0}
  m_GameObject: {fileID: 8995941563297385157}
  m_LocalRotation: {x: 0, y: 0, z: 0, w: 1}
  m_LocalPosition: {x: -16.738823, y: 62.496647, z: -36.05801}
  m_LocalScale: {x: 1, y: 1, z: 1}
  m_Children:
  - {fileID: 8995941563008864628}
  - {fileID: 7931041020762626104}
  - {fileID: 7931041021032044338}
  - {fileID: 7931041020168328935}
  - {fileID: 7931041021408119663}
  - {fileID: 3312905958820493981}
  m_Father: {fileID: 0}
  m_RootOrder: 0
  m_LocalEulerAnglesHint: {x: 0, y: 0, z: 0}
--- !u!114 &8995941563297385156
MonoBehaviour:
  m_ObjectHideFlags: 0
  m_CorrespondingSourceObject: {fileID: 0}
  m_PrefabInstance: {fileID: 0}
  m_PrefabAsset: {fileID: 0}
  m_GameObject: {fileID: 8995941563297385157}
  m_Enabled: 1
  m_EditorHideFlags: 0
  m_Script: {fileID: 11500000, guid: 2888b72540686b34e812c6fb08030589, type: 3}
  m_Name: 
  m_EditorClassIdentifier: 
  _soundboxKill: {fileID: 8995941563008864626}
  _soundboxMiss: {fileID: 7931041020762626110}
  _soundboxTempleDamage: {fileID: 7931041021032044340}
  _soundboxTempleHeal: {fileID: 7931041020168328929}
  _soundboxFootStep: {fileID: 7931041021408119657}
  _soundboxAmbient: {fileID: 3312905958820493979}
--- !u!1001 &4553553272690876107
PrefabInstance:
  m_ObjectHideFlags: 0
  serializedVersion: 2
  m_Modification:
    m_TransformParent: {fileID: 8995941563297385159}
    m_Modifications:
    - target: {fileID: 1353532871361143888, guid: 75a76bfe41973a846884bd352c0c35b7,
        type: 3}
      propertyPath: _defaultConfig
      value: 
      objectReference: {fileID: 11400000, guid: bb9b1ac6324e1f5408699074c5192a3e,
        type: 2}
    - target: {fileID: 1353532871361143889, guid: 75a76bfe41973a846884bd352c0c35b7,
        type: 3}
      propertyPath: _parent
      value: 
      objectReference: {fileID: 0}
    - target: {fileID: 1353532871361143891, guid: 75a76bfe41973a846884bd352c0c35b7,
        type: 3}
      propertyPath: m_Name
      value: SoundboxAmbient
      objectReference: {fileID: 0}
    - target: {fileID: 1353532871361143894, guid: 75a76bfe41973a846884bd352c0c35b7,
        type: 3}
      propertyPath: m_LocalPosition.x
      value: -16.89592
      objectReference: {fileID: 0}
    - target: {fileID: 1353532871361143894, guid: 75a76bfe41973a846884bd352c0c35b7,
        type: 3}
      propertyPath: m_LocalPosition.y
      value: 62.441444
      objectReference: {fileID: 0}
    - target: {fileID: 1353532871361143894, guid: 75a76bfe41973a846884bd352c0c35b7,
        type: 3}
      propertyPath: m_LocalPosition.z
      value: -31.166876
      objectReference: {fileID: 0}
    - target: {fileID: 1353532871361143894, guid: 75a76bfe41973a846884bd352c0c35b7,
        type: 3}
      propertyPath: m_LocalRotation.x
      value: 0
      objectReference: {fileID: 0}
    - target: {fileID: 1353532871361143894, guid: 75a76bfe41973a846884bd352c0c35b7,
        type: 3}
      propertyPath: m_LocalRotation.y
      value: 0
      objectReference: {fileID: 0}
    - target: {fileID: 1353532871361143894, guid: 75a76bfe41973a846884bd352c0c35b7,
        type: 3}
      propertyPath: m_LocalRotation.z
      value: 0
      objectReference: {fileID: 0}
    - target: {fileID: 1353532871361143894, guid: 75a76bfe41973a846884bd352c0c35b7,
        type: 3}
      propertyPath: m_LocalRotation.w
      value: 1
      objectReference: {fileID: 0}
    - target: {fileID: 1353532871361143894, guid: 75a76bfe41973a846884bd352c0c35b7,
        type: 3}
      propertyPath: m_RootOrder
      value: 5
      objectReference: {fileID: 0}
    - target: {fileID: 1353532871361143894, guid: 75a76bfe41973a846884bd352c0c35b7,
        type: 3}
      propertyPath: m_LocalEulerAnglesHint.x
      value: 0
      objectReference: {fileID: 0}
    - target: {fileID: 1353532871361143894, guid: 75a76bfe41973a846884bd352c0c35b7,
        type: 3}
      propertyPath: m_LocalEulerAnglesHint.y
      value: 0
      objectReference: {fileID: 0}
    - target: {fileID: 1353532871361143894, guid: 75a76bfe41973a846884bd352c0c35b7,
        type: 3}
      propertyPath: m_LocalEulerAnglesHint.z
      value: 0
      objectReference: {fileID: 0}
    - target: {fileID: 1353532871361143895, guid: 75a76bfe41973a846884bd352c0c35b7,
        type: 3}
      propertyPath: OutputAudioMixerGroup
      value: 
      objectReference: {fileID: 0}
    - target: {fileID: 1353532871361143895, guid: 75a76bfe41973a846884bd352c0c35b7,
        type: 3}
      propertyPath: Loop
      value: 1
      objectReference: {fileID: 0}
    m_RemovedComponents: []
  m_SourcePrefab: {fileID: 100100000, guid: 75a76bfe41973a846884bd352c0c35b7, type: 3}
--- !u!4 &3312905958820493981 stripped
Transform:
  m_CorrespondingSourceObject: {fileID: 1353532871361143894, guid: 75a76bfe41973a846884bd352c0c35b7,
    type: 3}
  m_PrefabInstance: {fileID: 4553553272690876107}
  m_PrefabAsset: {fileID: 0}
--- !u!114 &3312905958820493979 stripped
MonoBehaviour:
  m_CorrespondingSourceObject: {fileID: 1353532871361143888, guid: 75a76bfe41973a846884bd352c0c35b7,
    type: 3}
  m_PrefabInstance: {fileID: 4553553272690876107}
  m_PrefabAsset: {fileID: 0}
  m_GameObject: {fileID: 0}
  m_Enabled: 1
  m_EditorHideFlags: 0
  m_Script: {fileID: 11500000, guid: 319dfffac0d284c4bb16a8317a5e5584, type: 3}
  m_Name: 
  m_EditorClassIdentifier: 
--- !u!1001 &7931041021039441186
PrefabInstance:
  m_ObjectHideFlags: 0
  serializedVersion: 2
  m_Modification:
    m_TransformParent: {fileID: 8995941563297385159}
    m_Modifications:
    - target: {fileID: 1353532871361143891, guid: 75a76bfe41973a846884bd352c0c35b7,
        type: 3}
      propertyPath: m_Name
      value: SoundboxKill
      objectReference: {fileID: 0}
    - target: {fileID: 1353532871361143894, guid: 75a76bfe41973a846884bd352c0c35b7,
        type: 3}
      propertyPath: m_LocalPosition.x
      value: -0.15709686
      objectReference: {fileID: 0}
    - target: {fileID: 1353532871361143894, guid: 75a76bfe41973a846884bd352c0c35b7,
        type: 3}
      propertyPath: m_LocalPosition.y
      value: -0.055202484
      objectReference: {fileID: 0}
    - target: {fileID: 1353532871361143894, guid: 75a76bfe41973a846884bd352c0c35b7,
        type: 3}
      propertyPath: m_LocalPosition.z
      value: 4.8911343
      objectReference: {fileID: 0}
    - target: {fileID: 1353532871361143894, guid: 75a76bfe41973a846884bd352c0c35b7,
        type: 3}
      propertyPath: m_LocalRotation.x
      value: -0
      objectReference: {fileID: 0}
    - target: {fileID: 1353532871361143894, guid: 75a76bfe41973a846884bd352c0c35b7,
        type: 3}
      propertyPath: m_LocalRotation.y
      value: -0
      objectReference: {fileID: 0}
    - target: {fileID: 1353532871361143894, guid: 75a76bfe41973a846884bd352c0c35b7,
        type: 3}
      propertyPath: m_LocalRotation.z
      value: -0
      objectReference: {fileID: 0}
    - target: {fileID: 1353532871361143894, guid: 75a76bfe41973a846884bd352c0c35b7,
        type: 3}
      propertyPath: m_LocalRotation.w
      value: 1
      objectReference: {fileID: 0}
    - target: {fileID: 1353532871361143894, guid: 75a76bfe41973a846884bd352c0c35b7,
        type: 3}
      propertyPath: m_RootOrder
      value: 0
      objectReference: {fileID: 0}
    - target: {fileID: 1353532871361143894, guid: 75a76bfe41973a846884bd352c0c35b7,
        type: 3}
      propertyPath: m_LocalEulerAnglesHint.x
      value: 0
      objectReference: {fileID: 0}
    - target: {fileID: 1353532871361143894, guid: 75a76bfe41973a846884bd352c0c35b7,
        type: 3}
      propertyPath: m_LocalEulerAnglesHint.y
      value: 0
      objectReference: {fileID: 0}
    - target: {fileID: 1353532871361143894, guid: 75a76bfe41973a846884bd352c0c35b7,
        type: 3}
      propertyPath: m_LocalEulerAnglesHint.z
      value: 0
      objectReference: {fileID: 0}
    - target: {fileID: 1353532871361143895, guid: 75a76bfe41973a846884bd352c0c35b7,
        type: 3}
      propertyPath: OutputAudioMixerGroup
      value: 
      objectReference: {fileID: 0}
    m_RemovedComponents: []
  m_SourcePrefab: {fileID: 100100000, guid: 75a76bfe41973a846884bd352c0c35b7, type: 3}
--- !u!4 &8995941563008864628 stripped
Transform:
  m_CorrespondingSourceObject: {fileID: 1353532871361143894, guid: 75a76bfe41973a846884bd352c0c35b7,
    type: 3}
  m_PrefabInstance: {fileID: 7931041021039441186}
  m_PrefabAsset: {fileID: 0}
--- !u!114 &8995941563008864626 stripped
MonoBehaviour:
  m_CorrespondingSourceObject: {fileID: 1353532871361143888, guid: 75a76bfe41973a846884bd352c0c35b7,
    type: 3}
  m_PrefabInstance: {fileID: 7931041021039441186}
  m_PrefabAsset: {fileID: 0}
  m_GameObject: {fileID: 0}
  m_Enabled: 1
  m_EditorHideFlags: 0
  m_Script: {fileID: 11500000, guid: 319dfffac0d284c4bb16a8317a5e5584, type: 3}
  m_Name: 
  m_EditorClassIdentifier: 
--- !u!1001 &8995941561624706158
PrefabInstance:
  m_ObjectHideFlags: 0
  serializedVersion: 2
  m_Modification:
    m_TransformParent: {fileID: 8995941563297385159}
    m_Modifications:
    - target: {fileID: 1353532871361143888, guid: 75a76bfe41973a846884bd352c0c35b7,
        type: 3}
      propertyPath: _defaultConfig
      value: 
      objectReference: {fileID: 11400000, guid: 95b2bc155f166e04481cc88eb693f4e3,
        type: 2}
    - target: {fileID: 1353532871361143891, guid: 75a76bfe41973a846884bd352c0c35b7,
        type: 3}
      propertyPath: m_Name
      value: SoundboxMiss
      objectReference: {fileID: 0}
    - target: {fileID: 1353532871361143894, guid: 75a76bfe41973a846884bd352c0c35b7,
        type: 3}
      propertyPath: m_LocalPosition.x
      value: -0.15709686
      objectReference: {fileID: 0}
    - target: {fileID: 1353532871361143894, guid: 75a76bfe41973a846884bd352c0c35b7,
        type: 3}
      propertyPath: m_LocalPosition.y
      value: -0.055202484
      objectReference: {fileID: 0}
    - target: {fileID: 1353532871361143894, guid: 75a76bfe41973a846884bd352c0c35b7,
        type: 3}
      propertyPath: m_LocalPosition.z
      value: 4.8911343
      objectReference: {fileID: 0}
    - target: {fileID: 1353532871361143894, guid: 75a76bfe41973a846884bd352c0c35b7,
        type: 3}
      propertyPath: m_LocalRotation.x
      value: -0
      objectReference: {fileID: 0}
    - target: {fileID: 1353532871361143894, guid: 75a76bfe41973a846884bd352c0c35b7,
        type: 3}
      propertyPath: m_LocalRotation.y
      value: -0
      objectReference: {fileID: 0}
    - target: {fileID: 1353532871361143894, guid: 75a76bfe41973a846884bd352c0c35b7,
        type: 3}
      propertyPath: m_LocalRotation.z
      value: -0
      objectReference: {fileID: 0}
    - target: {fileID: 1353532871361143894, guid: 75a76bfe41973a846884bd352c0c35b7,
        type: 3}
      propertyPath: m_LocalRotation.w
      value: 1
      objectReference: {fileID: 0}
    - target: {fileID: 1353532871361143894, guid: 75a76bfe41973a846884bd352c0c35b7,
        type: 3}
      propertyPath: m_RootOrder
      value: 1
      objectReference: {fileID: 0}
    - target: {fileID: 1353532871361143894, guid: 75a76bfe41973a846884bd352c0c35b7,
        type: 3}
      propertyPath: m_LocalEulerAnglesHint.x
      value: 0
      objectReference: {fileID: 0}
    - target: {fileID: 1353532871361143894, guid: 75a76bfe41973a846884bd352c0c35b7,
        type: 3}
      propertyPath: m_LocalEulerAnglesHint.y
      value: 0
      objectReference: {fileID: 0}
    - target: {fileID: 1353532871361143894, guid: 75a76bfe41973a846884bd352c0c35b7,
        type: 3}
      propertyPath: m_LocalEulerAnglesHint.z
      value: 0
      objectReference: {fileID: 0}
    - target: {fileID: 1353532871361143895, guid: 75a76bfe41973a846884bd352c0c35b7,
        type: 3}
      propertyPath: OutputAudioMixerGroup
      value: 
      objectReference: {fileID: 0}
    m_RemovedComponents: []
  m_SourcePrefab: {fileID: 100100000, guid: 75a76bfe41973a846884bd352c0c35b7, type: 3}
--- !u!4 &7931041020762626104 stripped
Transform:
  m_CorrespondingSourceObject: {fileID: 1353532871361143894, guid: 75a76bfe41973a846884bd352c0c35b7,
    type: 3}
  m_PrefabInstance: {fileID: 8995941561624706158}
  m_PrefabAsset: {fileID: 0}
--- !u!114 &7931041020762626110 stripped
MonoBehaviour:
  m_CorrespondingSourceObject: {fileID: 1353532871361143888, guid: 75a76bfe41973a846884bd352c0c35b7,
    type: 3}
  m_PrefabInstance: {fileID: 8995941561624706158}
  m_PrefabAsset: {fileID: 0}
  m_GameObject: {fileID: 0}
  m_Enabled: 1
  m_EditorHideFlags: 0
  m_Script: {fileID: 11500000, guid: 319dfffac0d284c4bb16a8317a5e5584, type: 3}
  m_Name: 
  m_EditorClassIdentifier: 
--- !u!1001 &8995941562271986353
PrefabInstance:
  m_ObjectHideFlags: 0
  serializedVersion: 2
  m_Modification:
    m_TransformParent: {fileID: 8995941563297385159}
    m_Modifications:
    - target: {fileID: 1353532871361143888, guid: 75a76bfe41973a846884bd352c0c35b7,
        type: 3}
      propertyPath: _defaultConfig
      value: 
      objectReference: {fileID: 11400000, guid: 772576d2f3677d64b89e377230db856c,
        type: 2}
    - target: {fileID: 1353532871361143891, guid: 75a76bfe41973a846884bd352c0c35b7,
        type: 3}
      propertyPath: m_Name
      value: SoundboxHealTemple
      objectReference: {fileID: 0}
    - target: {fileID: 1353532871361143894, guid: 75a76bfe41973a846884bd352c0c35b7,
        type: 3}
      propertyPath: m_LocalPosition.x
      value: -0.15709686
      objectReference: {fileID: 0}
    - target: {fileID: 1353532871361143894, guid: 75a76bfe41973a846884bd352c0c35b7,
        type: 3}
      propertyPath: m_LocalPosition.y
      value: -0.055202484
      objectReference: {fileID: 0}
    - target: {fileID: 1353532871361143894, guid: 75a76bfe41973a846884bd352c0c35b7,
        type: 3}
      propertyPath: m_LocalPosition.z
      value: 4.8911343
      objectReference: {fileID: 0}
    - target: {fileID: 1353532871361143894, guid: 75a76bfe41973a846884bd352c0c35b7,
        type: 3}
      propertyPath: m_LocalRotation.x
      value: -0
      objectReference: {fileID: 0}
    - target: {fileID: 1353532871361143894, guid: 75a76bfe41973a846884bd352c0c35b7,
        type: 3}
      propertyPath: m_LocalRotation.y
      value: -0
      objectReference: {fileID: 0}
    - target: {fileID: 1353532871361143894, guid: 75a76bfe41973a846884bd352c0c35b7,
        type: 3}
      propertyPath: m_LocalRotation.z
      value: -0
      objectReference: {fileID: 0}
    - target: {fileID: 1353532871361143894, guid: 75a76bfe41973a846884bd352c0c35b7,
        type: 3}
      propertyPath: m_LocalRotation.w
      value: 1
      objectReference: {fileID: 0}
    - target: {fileID: 1353532871361143894, guid: 75a76bfe41973a846884bd352c0c35b7,
        type: 3}
      propertyPath: m_RootOrder
      value: 3
      objectReference: {fileID: 0}
    - target: {fileID: 1353532871361143894, guid: 75a76bfe41973a846884bd352c0c35b7,
        type: 3}
      propertyPath: m_LocalEulerAnglesHint.x
      value: 0
      objectReference: {fileID: 0}
    - target: {fileID: 1353532871361143894, guid: 75a76bfe41973a846884bd352c0c35b7,
        type: 3}
      propertyPath: m_LocalEulerAnglesHint.y
      value: 0
      objectReference: {fileID: 0}
    - target: {fileID: 1353532871361143894, guid: 75a76bfe41973a846884bd352c0c35b7,
        type: 3}
      propertyPath: m_LocalEulerAnglesHint.z
      value: 0
      objectReference: {fileID: 0}
    - target: {fileID: 1353532871361143895, guid: 75a76bfe41973a846884bd352c0c35b7,
        type: 3}
      propertyPath: OutputAudioMixerGroup
      value: 
      objectReference: {fileID: 0}
    m_RemovedComponents: []
  m_SourcePrefab: {fileID: 100100000, guid: 75a76bfe41973a846884bd352c0c35b7, type: 3}
--- !u!4 &7931041020168328935 stripped
Transform:
  m_CorrespondingSourceObject: {fileID: 1353532871361143894, guid: 75a76bfe41973a846884bd352c0c35b7,
    type: 3}
  m_PrefabInstance: {fileID: 8995941562271986353}
  m_PrefabAsset: {fileID: 0}
--- !u!114 &7931041020168328929 stripped
MonoBehaviour:
  m_CorrespondingSourceObject: {fileID: 1353532871361143888, guid: 75a76bfe41973a846884bd352c0c35b7,
    type: 3}
  m_PrefabInstance: {fileID: 8995941562271986353}
  m_PrefabAsset: {fileID: 0}
  m_GameObject: {fileID: 0}
  m_Enabled: 1
  m_EditorHideFlags: 0
  m_Script: {fileID: 11500000, guid: 319dfffac0d284c4bb16a8317a5e5584, type: 3}
  m_Name: 
  m_EditorClassIdentifier: 
--- !u!1001 &8995941562967995236
PrefabInstance:
  m_ObjectHideFlags: 0
  serializedVersion: 2
  m_Modification:
    m_TransformParent: {fileID: 8995941563297385159}
    m_Modifications:
    - target: {fileID: 1353532871361143888, guid: 75a76bfe41973a846884bd352c0c35b7,
        type: 3}
      propertyPath: _defaultConfig
      value: 
      objectReference: {fileID: 11400000, guid: fec89a85f935769409392667686dd478,
        type: 2}
    - target: {fileID: 1353532871361143891, guid: 75a76bfe41973a846884bd352c0c35b7,
        type: 3}
      propertyPath: m_Name
      value: SoundboxTempleDamage
      objectReference: {fileID: 0}
    - target: {fileID: 1353532871361143894, guid: 75a76bfe41973a846884bd352c0c35b7,
        type: 3}
      propertyPath: m_LocalPosition.x
      value: -0.15709686
      objectReference: {fileID: 0}
    - target: {fileID: 1353532871361143894, guid: 75a76bfe41973a846884bd352c0c35b7,
        type: 3}
      propertyPath: m_LocalPosition.y
      value: -0.055202484
      objectReference: {fileID: 0}
    - target: {fileID: 1353532871361143894, guid: 75a76bfe41973a846884bd352c0c35b7,
        type: 3}
      propertyPath: m_LocalPosition.z
      value: 4.8911343
      objectReference: {fileID: 0}
    - target: {fileID: 1353532871361143894, guid: 75a76bfe41973a846884bd352c0c35b7,
        type: 3}
      propertyPath: m_LocalRotation.x
      value: -0
      objectReference: {fileID: 0}
    - target: {fileID: 1353532871361143894, guid: 75a76bfe41973a846884bd352c0c35b7,
        type: 3}
      propertyPath: m_LocalRotation.y
      value: -0
      objectReference: {fileID: 0}
    - target: {fileID: 1353532871361143894, guid: 75a76bfe41973a846884bd352c0c35b7,
        type: 3}
      propertyPath: m_LocalRotation.z
      value: -0
      objectReference: {fileID: 0}
    - target: {fileID: 1353532871361143894, guid: 75a76bfe41973a846884bd352c0c35b7,
        type: 3}
      propertyPath: m_LocalRotation.w
      value: 1
      objectReference: {fileID: 0}
    - target: {fileID: 1353532871361143894, guid: 75a76bfe41973a846884bd352c0c35b7,
        type: 3}
      propertyPath: m_RootOrder
      value: 2
      objectReference: {fileID: 0}
    - target: {fileID: 1353532871361143894, guid: 75a76bfe41973a846884bd352c0c35b7,
        type: 3}
      propertyPath: m_LocalEulerAnglesHint.x
      value: 0
      objectReference: {fileID: 0}
    - target: {fileID: 1353532871361143894, guid: 75a76bfe41973a846884bd352c0c35b7,
        type: 3}
      propertyPath: m_LocalEulerAnglesHint.y
      value: 0
      objectReference: {fileID: 0}
    - target: {fileID: 1353532871361143894, guid: 75a76bfe41973a846884bd352c0c35b7,
        type: 3}
      propertyPath: m_LocalEulerAnglesHint.z
      value: 0
      objectReference: {fileID: 0}
    - target: {fileID: 1353532871361143895, guid: 75a76bfe41973a846884bd352c0c35b7,
        type: 3}
      propertyPath: OutputAudioMixerGroup
      value: 
      objectReference: {fileID: 0}
    m_RemovedComponents: []
  m_SourcePrefab: {fileID: 100100000, guid: 75a76bfe41973a846884bd352c0c35b7, type: 3}
--- !u!4 &7931041021032044338 stripped
Transform:
  m_CorrespondingSourceObject: {fileID: 1353532871361143894, guid: 75a76bfe41973a846884bd352c0c35b7,
    type: 3}
  m_PrefabInstance: {fileID: 8995941562967995236}
  m_PrefabAsset: {fileID: 0}
--- !u!114 &7931041021032044340 stripped
MonoBehaviour:
  m_CorrespondingSourceObject: {fileID: 1353532871361143888, guid: 75a76bfe41973a846884bd352c0c35b7,
    type: 3}
  m_PrefabInstance: {fileID: 8995941562967995236}
  m_PrefabAsset: {fileID: 0}
  m_GameObject: {fileID: 0}
  m_Enabled: 1
  m_EditorHideFlags: 0
  m_Script: {fileID: 11500000, guid: 319dfffac0d284c4bb16a8317a5e5584, type: 3}
  m_Name: 
  m_EditorClassIdentifier: 
--- !u!1001 &8995941563378872121
PrefabInstance:
  m_ObjectHideFlags: 0
  serializedVersion: 2
  m_Modification:
    m_TransformParent: {fileID: 8995941563297385159}
    m_Modifications:
    - target: {fileID: 1353532871361143888, guid: 75a76bfe41973a846884bd352c0c35b7,
        type: 3}
      propertyPath: _defaultConfig
      value: 
      objectReference: {fileID: 11400000, guid: b0ac36c71ec1c834084a69c2afbd60ff,
        type: 2}
    - target: {fileID: 1353532871361143889, guid: 75a76bfe41973a846884bd352c0c35b7,
        type: 3}
      propertyPath: _parent
      value: 
      objectReference: {fileID: 0}
    - target: {fileID: 1353532871361143891, guid: 75a76bfe41973a846884bd352c0c35b7,
        type: 3}
      propertyPath: m_Name
      value: SoundboxFootSteps
      objectReference: {fileID: 0}
    - target: {fileID: 1353532871361143894, guid: 75a76bfe41973a846884bd352c0c35b7,
        type: 3}
      propertyPath: m_LocalPosition.x
      value: -16.89592
      objectReference: {fileID: 0}
    - target: {fileID: 1353532871361143894, guid: 75a76bfe41973a846884bd352c0c35b7,
        type: 3}
      propertyPath: m_LocalPosition.y
      value: 62.441444
      objectReference: {fileID: 0}
    - target: {fileID: 1353532871361143894, guid: 75a76bfe41973a846884bd352c0c35b7,
        type: 3}
      propertyPath: m_LocalPosition.z
      value: -31.166876
      objectReference: {fileID: 0}
    - target: {fileID: 1353532871361143894, guid: 75a76bfe41973a846884bd352c0c35b7,
        type: 3}
      propertyPath: m_LocalRotation.x
      value: 0
      objectReference: {fileID: 0}
    - target: {fileID: 1353532871361143894, guid: 75a76bfe41973a846884bd352c0c35b7,
        type: 3}
      propertyPath: m_LocalRotation.y
      value: 0
      objectReference: {fileID: 0}
    - target: {fileID: 1353532871361143894, guid: 75a76bfe41973a846884bd352c0c35b7,
        type: 3}
      propertyPath: m_LocalRotation.z
      value: 0
      objectReference: {fileID: 0}
    - target: {fileID: 1353532871361143894, guid: 75a76bfe41973a846884bd352c0c35b7,
        type: 3}
      propertyPath: m_LocalRotation.w
      value: 1
      objectReference: {fileID: 0}
    - target: {fileID: 1353532871361143894, guid: 75a76bfe41973a846884bd352c0c35b7,
        type: 3}
      propertyPath: m_RootOrder
      value: 4
      objectReference: {fileID: 0}
    - target: {fileID: 1353532871361143894, guid: 75a76bfe41973a846884bd352c0c35b7,
        type: 3}
      propertyPath: m_LocalEulerAnglesHint.x
      value: 0
      objectReference: {fileID: 0}
    - target: {fileID: 1353532871361143894, guid: 75a76bfe41973a846884bd352c0c35b7,
        type: 3}
      propertyPath: m_LocalEulerAnglesHint.y
      value: 0
      objectReference: {fileID: 0}
    - target: {fileID: 1353532871361143894, guid: 75a76bfe41973a846884bd352c0c35b7,
        type: 3}
      propertyPath: m_LocalEulerAnglesHint.z
      value: 0
      objectReference: {fileID: 0}
    - target: {fileID: 1353532871361143895, guid: 75a76bfe41973a846884bd352c0c35b7,
        type: 3}
      propertyPath: OutputAudioMixerGroup
      value: 
      objectReference: {fileID: 0}
    m_RemovedComponents: []
  m_SourcePrefab: {fileID: 100100000, guid: 75a76bfe41973a846884bd352c0c35b7, type: 3}
--- !u!4 &7931041021408119663 stripped
Transform:
  m_CorrespondingSourceObject: {fileID: 1353532871361143894, guid: 75a76bfe41973a846884bd352c0c35b7,
    type: 3}
  m_PrefabInstance: {fileID: 8995941563378872121}
  m_PrefabAsset: {fileID: 0}
--- !u!114 &7931041021408119657 stripped
MonoBehaviour:
  m_CorrespondingSourceObject: {fileID: 1353532871361143888, guid: 75a76bfe41973a846884bd352c0c35b7,
    type: 3}
  m_PrefabInstance: {fileID: 8995941563378872121}
  m_PrefabAsset: {fileID: 0}
  m_GameObject: {fileID: 0}
  m_Enabled: 1
  m_EditorHideFlags: 0
  m_Script: {fileID: 11500000, guid: 319dfffac0d284c4bb16a8317a5e5584, type: 3}
  m_Name: 
  m_EditorClassIdentifier: 
